@inproceedings{quickcheck,
  author    = {Koen Claessen and
               John Hughes},
  editor    = {Martin Odersky and
               Philip Wadler},
  title     = {QuickCheck: a lightweight tool for random testing of Haskell programs},
  booktitle = {Proceedings of the Fifth {ACM} {SIGPLAN} International Conference
               on Functional Programming {(ICFP} '00), Montreal, Canada, September
               18-21, 2000.},
  pages     = {268--279},
  publisher = {{ACM}},
  year      = {2000},
  url       = {http://doi.acm.org/10.1145/351240.351266},
  doi       = {10.1145/351240.351266},
  timestamp = {Tue, 11 Jun 2013 13:51:25 +0200},
  biburl    = {https://dblp.org/rec/bib/conf/icfp/ClaessenH00},
  bibsource = {dblp computer science bibliography, https://dblp.org}
}

